<?xml version="1.0" encoding="utf-8"?>
<record xmlns="http://www.loc.gov/MARC21/slim" xmlns:xsi="http://www.w3.org/2001/XMLSchema-instance" xsi:schemaLocation="http://www.loc.gov/MARC21/slim http://www.loc.gov/standards/marcxml/schema/MARC21slim.xsd">
	<leader>     nam a22        4500</leader>
	<controlfield tag="001">b12335794</controlfield>
	<controlfield tag="003">LeBAU</controlfield>
	<controlfield tag="006">m        d        </controlfield>
	<controlfield tag="007">cr cn |||m|||a</controlfield>
	<controlfield tag="008">170310s1935    ua      o     ||0 0 ara d</controlfield>
	<datafield ind1=" " ind2=" " tag="040">
		<subfield code="a">NNU</subfield>
		<subfield code="b">ara</subfield>
		<subfield code="e">rda</subfield>
		<subfield code="c">NNU</subfield>
	</datafield>
	<datafield ind1="0" ind2="4" tag="082">
		<subfield code="a">297.08</subfield>
		<subfield code="2">20</subfield>
	</datafield>
	<datafield ind1="1" ind2=" " tag="100">
		<subfield code="6">880-01</subfield>
		<subfield code="a">Suyūṭī,</subfield>
		<subfield code="d">1445-1505,</subfield>
		<subfield code="e">author.</subfield>
	</datafield>
	<datafield ind1="1" ind2="0" tag="245">
		<subfield code="6">880-02</subfield>
		<subfield code="a">Tanwīr al-ḥawālik :</subfield>
		<subfield code="b">sharḥ ʻalá Muwaṭṭaʼ Mālik ; wa-yalīhi kitāb Isʻāf al-mubaṭṭaʼ bi-rijāl al-Muwaṭṭa’ /</subfield>
		<subfield code="c">ta’līf al-Imām Jalāl al-Dīn ‘Abd al-Raḥmān al-Suyūṭī al-Shāfi‘ī. Wa-li-tamām al-naf‘ bi-hi waḍa‘nā matn al-Muwaṭṭa’ mafṣūlan ‘alá al-sharḥ al-madhkūr mashkūlan shaklan tāmman bi-a‘lá kull-ṣaḥīfah mafṣūlan baynahu wa-bayna al-sharḥ bi-jadwal.</subfield>
	</datafield>
	<datafield ind1="3" ind2="0" tag="246">
		<subfield code="6">880-03</subfield>
		<subfield code="a">kitāb Isʻāf al-mubaṭṭaʼ bi-rijāl al-Muwaṭṭa’</subfield>
	</datafield>
	<datafield ind1=" " ind2="1" tag="264">
		<subfield code="6">880-04</subfield>
		<subfield code="a">al-Qāhirah :</subfield>
		<subfield code="b">Maktabat wa-Maṭba‘at al-Mashhad al-Ḥusaynī,</subfield>
		<subfield code="c">1354 H., [1934? M.]</subfield>
	</datafield>
	<datafield ind1=" " ind2=" " tag="300">
		<subfield code="6">880-05</subfield>
		<subfield code="a">online resource (1 volume)</subfield>
	</datafield>
	<datafield ind1=" " ind2=" " tag="336">
		<subfield code="a">text</subfield>
		<subfield code="2">rdacontent</subfield>
	</datafield>
	<datafield ind1=" " ind2=" " tag="337">
		<subfield code="a">computer</subfield>
		<subfield code="2">rdamedia</subfield>
	</datafield>
	<datafield ind1=" " ind2=" " tag="338">
		<subfield code="a">online resource</subfield>
		<subfield code="2">rdacarrier</subfield>
	</datafield>
	<datafield ind1=" " ind2=" " tag="500">
		<subfield code="a">3 أجزاء ببليوغرافية في 1 جزء مادي.</subfield>
	</datafield>
	<datafield ind1=" " ind2=" " tag="500">
		<subfield code="a">Part of the Arabic Collections Online (ACO) project, contributed by American University of Beirut's Jafet Memorial Library.</subfield>
	</datafield>
	<datafield ind1=" " ind2=" " tag="533">
		<subfield code="a">Electronic reproduction.</subfield>
		<subfield code="b">New York, N.Y. :</subfield>
		<subfield code="c">New York University,</subfield>
		<subfield code="d">2017.</subfield>
		<subfield code="5">NNU</subfield>
	</datafield>
	<datafield ind1="0" ind2="4" tag="600">
		<subfield code="a">مالك بن أنس،</subfield>
		<subfield code="d">-795.</subfield>
		<subfield code="t">الموطأ.</subfield>
	</datafield>
	<datafield ind1="0" ind2="0" tag="600">
		<subfield code="a">Mālik ibn Anas,</subfield>
		<subfield code="d">-795.</subfield>
		<subfield code="t">Muwaṭṭaʼ.</subfield>
	</datafield>
	<datafield ind1=" " ind2="4" tag="650">
		<subfield code="a">الفقه الإسلامي</subfield>
		<subfield code="v">أعمال قديمة حتى 1800.</subfield>
	</datafield>
	<datafield ind1=" " ind2="4" tag="650">
		<subfield code="a">الحديث</subfield>
		<subfield code="v">أعمال قديمة حتى 1800.</subfield>
	</datafield>
	<datafield ind1=" " ind2="0" tag="650">
		<subfield code="a">Islamic law</subfield>
		<subfield code="v">Early works to 1800.</subfield>
	</datafield>
	<datafield ind1=" " ind2="0" tag="650">
		<subfield code="a">Hadith</subfield>
		<subfield code="v">Early works to 1800.</subfield>
	</datafield>
	<datafield ind1="1" ind2="2" tag="700">
		<subfield code="6">880-06</subfield>
		<subfield code="a">Suyūṭī,</subfield>
		<subfield code="d">1445-1505.</subfield>
		<subfield code="t">Isʻāf al-mubaṭṭaʼ bi-rijāl al-Muwaṭṭa’</subfield>
	</datafield>
	<datafield ind1="1" ind2="2" tag="700">
		<subfield code="6">880-07</subfield>
		<subfield code="a">Mālik ibn Anas,</subfield>
		<subfield code="d">-795.</subfield>
		<subfield code="t">Muwaṭṭaʼ.</subfield>
	</datafield>
	<datafield ind1="2" ind2=" " tag="710">
		<subfield code="a">Jafet Memorial Library.</subfield>
	</datafield>
	<datafield ind1="0" ind2=" " tag="730">
		<subfield code="a">Arabic Collections Online.</subfield>
	</datafield>
	<datafield ind1="0" ind2=" " tag="775">
		<subfield code="6">880-08</subfield>
		<subfield code="t">Tanwīr al-ḥawālik : sharḥ ʻalá Muwaṭṭaʼ Mālik ; wa-yalīhi kitāb Isʻāf al-mubaṭṭaʼ bi-rijāl al-Muwaṭṭa’</subfield>
		<subfield code="d">Miṣr : Dār Iḥyā’ al-Kutub al-‘Arabīyah, [1924?]</subfield>
		<subfield code="w">(OCoLC)784210456</subfield>
		<subfield code="w">(OCoLC)784210456</subfield>
	</datafield>
	<datafield ind1="0" ind2="8" tag="776">
		<subfield code="i">Print version:</subfield>
		<subfield code="a">Suyūṭī, 1445-1505, author.</subfield>
		<subfield code="t">Tanwīr al-ḥawālik</subfield>
		<subfield code="w">(LeBAU)b12335794</subfield>
	</datafield>
	<datafield ind1="4" ind2="0" tag="856">
		<subfield code="u">http://hdl.handle.net/2333.1/dfn2z7r4</subfield>
	</datafield>
	<datafield ind1="1" ind2=" " tag="880">
		<subfield code="6">100-01/(3/r</subfield>
		<subfield code="a">السيوطي،</subfield>
		<subfield code="d">1445-1505،</subfield>
		<subfield code="e">مؤلف. </subfield>
		<subfield code="4">aut.</subfield>
	</datafield>
	<datafield ind1="1" ind2="0" tag="880">
		<subfield code="6">245-02/(3/r</subfield>
		<subfield code="a">تنوير الحوالك :</subfield>
		<subfield code="b">شرح على موطأ مالك ؛ ويليه كتاب إسعاف المبطأ برجال الموطأ /</subfield>
		<subfield code="c">تأليف الإمام جلال الدين عبد الرحمن السيوطي الشافعي. ولتمام النفع به وضعنا متن الموطأ مفصولاً على الشرح المذكور مشكولاً شكلاً تاماً بأعلى كل صحيفة مفصولاً بينه وبين الشرح بجدول.</subfield>
	</datafield>
	<datafield ind1="3" ind2="0" tag="880">
		<subfield code="6">246-03/(3/r</subfield>
		<subfield code="a">كتاب إسعاف المبطأ برجال الموطأ</subfield>
	</datafield>
	<datafield ind1=" " ind2="1" tag="880">
		<subfield code="6">264-04/(3/r</subfield>
		<subfield code="a">القاهرة :</subfield>
		<subfield code="b">مكتبة ومطبعة المشهد الحسيني،</subfield>
		<subfield code="c">1353 هـ.، [1934؟ م.]</subfield>
	</datafield>
	<datafield ind1=" " ind2=" " tag="880">
		<subfield code="6">300-05/(3/r</subfield>
		<subfield code="a">1 جزء ؛</subfield>
		<subfield code="c">24 سم</subfield>
	</datafield>
	<datafield ind1="1" ind2="2" tag="880">
		<subfield code="6">700-06/(3/r</subfield>
		<subfield code="a">السيوطي،</subfield>
		<subfield code="d">1445-1505.</subfield>
		<subfield code="t">إسعاف المبطأ برجال الموطأ.</subfield>
	</datafield>
	<datafield ind1="1" ind2="2" tag="880">
		<subfield code="6">700-07/(3/r</subfield>
		<subfield code="a">مالك بن أنس،</subfield>
		<subfield code="d">-795.</subfield>
		<subfield code="t">الموطأ.</subfield>
	</datafield>
	<datafield ind1="0" ind2=" " tag="880">
		<subfield code="6">775-08/(3/r</subfield>
		<subfield code="t">تنوير الحوالك : شرح على موطأ مالك ؛ ويليه كتاب إسعاف المبطأ برجال الموطأ</subfield>
		<subfield code="d">مصر : دار إحياء الكتب العربية، [1924؟]</subfield>
		<subfield code="w">b12335770</subfield>
		<subfield code="w">(OCoLC)784210456</subfield>
	</datafield>
	<datafield ind1=" " ind2=" " tag="959">
		<subfield code="a">NNU</subfield>
		<subfield code="b">WEB</subfield>
		<subfield code="c">GENI</subfield>
		<subfield code="t">0</subfield>
		<subfield code="m">Electronic access</subfield>
		<subfield code="s">01</subfield>
	</datafield>
	<datafield ind1=" " ind2=" " tag="999">
		<subfield code="i">LeBAU_b12335794</subfield>
		<subfield code="s">aub_aco000910:v.1-3</subfield>
		<subfield code="e">(ERROR-MISC)</subfield>
	</datafield>
</record>
